<?xml version="1.0" encoding="UTF-8"?><collection xmlns="http://www.loc.gov/MARC21/slim"><record><leader>00460nam--2200169-i-4500</leader><controlfield tag="001">000038743</controlfield><controlfield tag="002">20161230</controlfield><controlfield tag="005">20161230201041</controlfield><controlfield tag="008">060222s1000------------r-----000-0-eng-d</controlfield><datafield ind1=" " ind2=" " tag="040"><subfield code="a">IFIN-HH</subfield></datafield><datafield ind1=" " ind2=" " tag="080"><subfield code="a">53(047.1)</subfield></datafield><datafield ind1="1" ind2=" " tag="100"><subfield code="a">Awbery, J.H</subfield></datafield><datafield ind1="1" ind2="0" tag="245"><subfield code="a">Reports on progress in physics. vol. vi. (1939)</subfield><subfield code="c">J.h. awbery (general editor)</subfield></datafield><datafield ind1=" " ind2=" " tag="260"><subfield code="a">London</subfield><subfield code="b">The Physical Society</subfield><subfield code="c">1940</subfield></datafield><datafield ind1=" " ind2=" " tag="300"><subfield code="a">IV+434P</subfield></datafield><datafield ind1=" " ind2=" " tag="852"><subfield code="a">13696</subfield><subfield code="c">53</subfield></datafield><datafield ind1=" " ind2=" " tag="CAT"><subfield code="a">Sys</subfield><subfield code="c">20150209</subfield><subfield code="h">193430</subfield></datafield></record></collection>